<record><leader>00000cas a2200000 a 4500</leader><controlfield tag="001">10498296</controlfield><controlfield tag="008">840308d18681894nbudn ne      0    0eng  </controlfield><datafield ind1=" " ind2=" " tag="010"><subfield code="a">sn 84020242 </subfield></datafield><datafield ind1=" " ind2=" " tag="040"><subfield code="a">DLC</subfield><subfield code="b">eng</subfield><subfield code="c">DLC</subfield><subfield code="d">NPX</subfield><subfield code="d">NPU</subfield><subfield code="d">MQN</subfield><subfield code="d">NVG</subfield><subfield code="d">OCLCQ</subfield><subfield code="d">DLC</subfield><subfield code="d">OCLCQ</subfield><subfield code="d">OCLCO</subfield><subfield code="d">OCLCF</subfield></datafield><datafield ind1="1" ind2=" " tag="029"><subfield code="a">AU@</subfield><subfield code="b">000020413544</subfield></datafield><datafield ind1=" " ind2=" " tag="042"><subfield code="a">pcc</subfield></datafield><datafield ind1=" " ind2=" " tag="043"><subfield code="a">n-us-nb</subfield></datafield><datafield ind1="0" ind2="0" tag="050"><subfield code="a">Newspaper 8675</subfield></datafield><datafield ind1="0" ind2="4" tag="245"><subfield code="a">The daily Nebraska press.</subfield></datafield><datafield ind1="1" ind2="3" tag="246"><subfield code="a">Nebraska press</subfield><subfield code="f">July 8, 1885-Aug. 9, 1894</subfield></datafield><datafield ind1="1" ind2="3" tag="246"><subfield code="a">Nebraska daily press</subfield><subfield code="f">Jan. 20-Feb. 7, 1886</subfield></datafield><datafield ind1=" " ind2=" " tag="260"><subfield code="a">Nebraska City, Neb. :</subfield><subfield code="b">Irish, Price &amp; Co.,</subfield><subfield code="c">1868-1894.</subfield></datafield><datafield ind1=" " ind2=" " tag="300"><subfield code="a">27 v. :</subfield><subfield code="b">ill. (chiefly advertisements) ;</subfield><subfield code="c">59 cm.</subfield></datafield><datafield ind1=" " ind2=" " tag="310"><subfield code="a">Daily (except Monday),</subfield><subfield code="b">&lt;June 27, 1885&gt;-Aug. 9, 1894</subfield></datafield><datafield ind1=" " ind2=" " tag="321"><subfield code="a">Daily (except Sunday)</subfield></datafield><datafield ind1="0" ind2=" " tag="362"><subfield code="a">Vol. 10, no. 90 (Aug. 3, 1868)-v. 36 (Aug. 9, 1894).</subfield></datafield><datafield ind1=" " ind2=" " tag="515"><subfield code="a">Numbering irregular.</subfield></datafield><datafield ind1=" " ind2=" " tag="515"><subfield code="a">Some issues lack vol. and issue numbering.</subfield></datafield><datafield ind1=" " ind2=" " tag="530"><subfield code="a">Also issued on microfilm from the Library of Congress, Photoduplication Service.</subfield></datafield><datafield ind1=" " ind2=" " tag="580"><subfield code="a">Weekly ed.: Weekly Nebraska press.</subfield></datafield><datafield ind1=" " ind2="0" tag="651"><subfield code="a">Nebraska City (Neb.)</subfield><subfield code="v">Newspapers.</subfield></datafield><datafield ind1=" " ind2="0" tag="651"><subfield code="a">Otoe County (Neb.)</subfield><subfield code="v">Newspapers.</subfield></datafield><datafield ind1=" " ind2="7" tag="655"><subfield code="a">Newspapers.</subfield><subfield code="2">fast</subfield><subfield code="0">(OCoLC)fst01423814</subfield></datafield><datafield ind1=" " ind2="7" tag="651"><subfield code="a">Nebraska</subfield><subfield code="z">Nebraska City.</subfield><subfield code="2">fast</subfield><subfield code="0">(OCoLC)fst01218603</subfield></datafield><datafield ind1=" " ind2="7" tag="651"><subfield code="a">Nebraska</subfield><subfield code="z">Otoe County.</subfield><subfield code="2">fast</subfield><subfield code="0">(OCoLC)fst01212380</subfield></datafield><datafield ind1=" " ind2=" " tag="752"><subfield code="a">United States</subfield><subfield code="b">Nebraska</subfield><subfield code="c">Otoe</subfield><subfield code="d">Nebraska City.</subfield></datafield><datafield ind1="0" ind2=" " tag="775"><subfield code="t">Weekly Nebraska press</subfield><subfield code="w">(DLC)sn 84022812</subfield></datafield><datafield ind1="1" ind2=" " tag="776"><subfield code="c">Microfilm</subfield><subfield code="d">Nebraska State Historical Society</subfield><subfield code="w">(DLC)sn 95069538</subfield></datafield><datafield ind1="0" ind2="0" tag="780"><subfield code="t">Tri-weekly Nebraska press</subfield><subfield code="w">(DLC)sn 84020238</subfield></datafield><datafield ind1="0" ind2="0" tag="785"><subfield code="t">Nebraska daily press</subfield></datafield></record>